@misc{01info,
    title = {01 Informatica},
    note  = {\url{https://www.info01.it/}},
}

@misc{postman,
    title = {Postman},
    note  = {\url{https://www.postman.com/}},
}

@misc{flutter,
    title = {Flutter},
    note  = {\url{https://flutter.dev/}},
}

@misc{cipher,
    title = {Cipher},
    note  = {\url{https://docs.oracle.com/javase/8/docs/api/javax/crypto/Cipher.html}},
}

@misc{message_digest,
    title = {MessageDigest},
    note  = {\url{https://docs.oracle.com/javase/8/docs/api/java/security/MessageDigest.html}},
}

@misc{hmac,
    title = {HMAC},
    note  = {\url{https://it.wikipedia.org/wiki/HMAC}},
}

@misc{aes,
    title = {AES},
    note  = {\url{https://it.wikipedia.org/wiki/Advanced_Encryption_Standard}},
}

@misc{ecb,
    title = {ECB},
    note  = {\url{https://it.wikipedia.org/wiki/Modalit%C3%A0_di_funzionamento_dei_cifrari_a_blocchi}},
}

@misc{scaffold,
    title = {Scaffold},
    note  = {\url{https://api.flutter.dev/flutter/material/Scaffold-class.html}},
}

@misc{future_builder,
    title = {FutureBuilder},
    note  = {\url{https://api.flutter.dev/flutter/widgets/FutureBuilder-class.html}},
}

@misc{expanded,
    title = {Expanded},
    note  = {\url{https://it.wikipedia.org/wiki/Modalit%C3%A0_di_funzionamento_dei_cifrari_a_blocchi}},
}

@misc{listview,
    title = {ListView},
    note  = {\url{https://api.flutter.dev/flutter/widgets/ListView-class.html}},
}

@misc{gorouter_lib,
    title = {Go Router},
    note  = {\url{https://pub.dev/packages/go_router}},
}

@misc{textfield,
    title = {TextField},
    note  = {\url{https://api.flutter.dev/flutter/material/TextField-class.html}},
}

@misc{provider,
    title = {Provider},
    note  = {\url{https://pub.dev/packages/provider}},
}

@misc{selector,
    title = {Selector},
    note  = {\url{https://pub.dev/documentation/provider/latest/provider/Selector-class.html}},
}

@misc{fadeinimage,
    title = {FadeInImage},
    note  = {\url{https://api.flutter.dev/flutter/widgets/FadeInImage-class.html}},
}

@misc{rest,
    title = {REST},
    note  = {\url{https://it.wikipedia.org/wiki/Representational_state_transfer}},
}

@misc{jwt,
    title = {JSON Web Token},
    note  = {\url{https://jwt.io/introduction}},
}

@misc{figma,
    title = {Figma},
    note  = {\url{https://www.figma.com/ui-design-tool/}},
}

@misc{SQL,
    title = {SQL},
    note  = {\url{https://www.ibm.com/docs/en/db2-for-zos/11?topic=db2-sql}},
}

@misc{Java,
    title = {Java},
    note  = {\url{https://www.java.com/it/}},
}

@misc{javalin,
    title = {Javalin},
    note  = {\url{https://javalin.io/}},
}

@misc{JWT_lib,
    title = {JWT Library},
    note  = {\url{https://pub.dev/packages/dart_jsonwebtoken}},
}

@misc{junit,
    title = {JUnit},
    note  = {\url{https://junit.org/junit5/}},
}

@misc{gson,
    title = {GSON},
    note  = {\url{https://github.com/google/gson}},
}

@misc{sqlite,
    title = {SQLite},
    note  = {\url{https://www.sqlite.org/index.html}},
}

@misc{lottie,
    title = {Lottie},
    note  = {\url{https://lottiefiles.com/}},
}

@misc{material_dialog,
    title = {Material Dialog},
    note  = {\url{https://pub.dev/packages/material_dialogs}},
}

@misc{DB2,
    title = {IBM DB2},
    note  = {\url{https://it.wikipedia.org/wiki/IBM_DB2}},
}

@misc{AStudio,
    title = {Android Studio},
    note  = {\url{https://developer.android.com/studio}},
}

@misc{json,
    title = {JSON},
    note  = {\url{https://it.wikipedia.org/wiki/JavaScript_Object_Notation}},
}

@misc{iv,
    title = {Initialization Vector},
    note  = {\url{https://en.wikipedia.org/wiki/Initialization_vector}},
}

@misc{widget,
    title = {Flutter Widget},
    note  = {\url{https://docs.flutter.dev/ui/widgets/basics}},
}

@misc{uri,
	title = {URI},
	note  = {\url{https://it.wikipedia.org/wiki/Uniform_Resource_Identifier}},
}

@misc{intellij,
	title = {IntelliJ},
	note  = {\url{https://www.jetbrains.com/idea/}},
}

@misc{mockup,
	title = {Mockup},
	note  = {\url{https://it.wikipedia.org/wiki/Mockup}},
}

@misc{chiave_simmetrica,
	title = {Crittografia Simmetrica},
	note  = {\url{https://it.wikipedia.org/wiki/Crittografia_simmetrica}},
}

@misc{card,
	title = {Material Card},
	note  = {\url{https://m2.material.io/components/cards}},
}

@misc{serializable,
	title = {Serializzazione},
	note  = {\url{https://www.baeldung.com/java-serialization}},
}

@misc{hash,
	title = {Funzione Hash},
	note  = {\url{https://it.wikipedia.org/wiki/Funzione_di_hash}},
}